<?xml version="1.0" encoding="UTF-8"?><collection xmlns="http://www.loc.gov/MARC21/slim"><record><leader>00407nam--2200157-i-4500</leader><controlfield tag="001">000004471</controlfield><controlfield tag="002">20161230</controlfield><controlfield tag="005">20170210011024</controlfield><controlfield tag="008">060222s1000------------r-----000-0-eng-d</controlfield><datafield ind1=" " ind2=" " tag="100"><subfield code="a">Coflea, M</subfield></datafield><datafield ind1=" " ind2=" " tag="245"><subfield code="a">Indrumator topografic pentru cai de comunicatie</subfield></datafield><datafield ind1=" " ind2=" " tag="260"><subfield code="a">Bucuresti</subfield><subfield code="b">Editura Tehnica</subfield><subfield code="c">1955</subfield></datafield><datafield ind1=" " ind2=" " tag="300"><subfield code="a">608 p.+erata</subfield></datafield><datafield ind1=" " ind2=" " tag="700"><subfield code="a">Sburlan, D. A</subfield></datafield><datafield ind1=" " ind2=" " tag="852"><subfield code="a">526.9</subfield></datafield><datafield ind1=" " ind2=" " tag="CAT"><subfield code="a">SYS</subfield><subfield code="c">20170210</subfield><subfield code="h">011024</subfield></datafield></record></collection>